@OTHER{ UCI2007,
	author = "A. Asuncion and D.J. Newman",
	title = "UCI Maching Learning Repository",
	url = "http://www.ics.uci.edu/~mlearn/MLRepository.html",
	year = "2007"
}

@Book{ Karlin1966,
	title = "Tchebycheff systems, with applications in analysis and statistics",
	author = "S. Karlin and W. J. Studden",
	publisher = "New York, Interscience Publishers",
	year = "1966"
}

@Book{ Bootstrapping2006,
	title = "Bootstrap Methods and their Application",
	author = "A. C. Davison and D. Hinkley",
	publisher = "Cambridge University Press",
	year = "2006"
}

@Book{ Hwang1981,
	title = "Multiple attribute decision making: Methods and application",
	author = "C. Hwang and K. Yoon",
	publisher = "Springer-Verlag",
	year = "1981"
}

@Article{ Demsar2006,
	author = "J. Demsar",
	title = "Statistical comparisons of clasiffiers over multiple data sets",
	journal = "Journal of Machine Learning Research",
	year = "2006",
	volume = "7",
	pages = "1--30"
}

@Article{ Landwehr2005,
	author = "N. Landwehr and M. Hall and F. Eibe",
	title = "Logistic Model Trees",
	journal = "Machine Learning",
	year = "2005",
	volume = "59",
	pages = "161--205"
}

@InProceedings{ Fernandez2008,
	author = "J.C. Fern{\'a}ndez and P.A. Guti{\'e}rrez and C. Herv{\'a}s and F.J. Mart{\'i}nez",
	title = "Memetic Pareto Evolutionary Artificial Neural Networks for the determination of growth limits of Listeria Monocytogenes",
	booktitle = "Proceedings of the Eighth International Conference on Hybrid Intelligent Systems, HIS 2008",
	year = "2008",
	pages = "631--636",
	address = "Barcelona, Spain",
	month = "September",
	publisher = "IEEE Computer Society"
}

@Article{ Hwang2005,
	author = "C.A. Hwang and M.L. Tamplin",
	title = "The influence of mayonnaise pH and storage temperature on the growth of Listeria monocytogenes in seafood salad",
	journal = "International Journal of Food Microbiology",
	year = "2005",
	volume = "102",
	number = " 277-285"
}

@Electronic{ Commission1999,
	author = "E. Commission",
	publisher = "http://www.europa.eu.int/comm/food/fs/sc/scv/out25",
	title = "Opinion of the scientific committee on veterinary measures relating to public health on Listeria monocytogenes",
	url = "http://www.europa.eu.int/comm/food/fs/sc/scv/out25",
	year = "1999"
}

@Article{ Fernandez2009c,
	author = "J.C. Fern{\'a}ndez and C. Herv{\'a}s and F.J. Mart{\'i}nez-Estudillo and P.A. Gutierrez",
	title = "Memetic Pareto Evolutionary Artificial Neural Networks to determine growth/no-growth in predictive microbiology",
	journal = "Applied Soft Computing",
	year = "2009",
	pages = "doi:10.1016/j.asoc.2009.12.013"
}

@InProceedings{ Hervas2009,
	author = "C. Herv{\'a}s-Mart{\'i}nez and P.A. Guti{\'e}rrez and J.C. Fern{\'a}ndez and S. Salcedo-Sanz and A. Portilla-Figueras and A. P{\'e}rez-Bellido and L. Prieto",
	title = "Hyperbolic Tangent Basis Function Neural Networks Training by Hybrid Evolutionary Programming for Accurate Short-Term Wind Speed Prediction",
	booktitle = "Proceedings of the Ninth International Conference on Intelligent Systems Design and Applications, ISDA 2009",
	year = "2009",
	pages = "193--198",
	address = "Pisa, Italy",
	month = "November",
	publisher = "IEEE Computer Society"
}

@InProceedings{ Gutierrez2009a,
	author = "P.A. Guti{\'e}rrez and C. Herv{\'a}s-Mart{\'i}nez and J.C. Fern{\'a}ndez and F. L{\'o}pez-Granados",
	title = "Hybrid Multilogistic Regression by Means of Evolutionary Radial Basis Functions: Application to Precision Agriculture",
	booktitle = "Proceedings of the 4th International Conference, HAIS 2009, in Lecture Notes in Artificial Intelligence",
	year = "2009",
	editor = "X. Wu E. Oja A. Herrero {E. Corchado} and B. Baruque",
	volume = "5572",
	pages = "244--251",
	address = "Salamanca, Spain",
	month = "June",
	publisher = "Springer"
}

@InProceedings{ Gutierrez2008,
	author = "P.A. Guti{\'e}rrez and J.C. Fern{\'a}ndez and C. Herv{\'a}s",
	title = "Feature Selection for Hybrid Neuro-Logistic Regression applied to Classification of Remote Sensed Data",
	booktitle = "Proceedings of the Eighth International Conference on Hybrid Intelligent Systems, HIS 2008",
	year = "2008",
	pages = "625--630",
	address = "Barcelona, Spain",
	month = "September",
	publisher = "IEEE Computer Society"
}

@InProceedings{ Gutierrez2009b,
	author = "P.A. Guti{\'e}rrez and C. Herv{\'a}s-Mart{\'i}nez and F.J. Mart{\'i}nez-Estudillo and J.C. Fern{\'a}ndez",
	title = "Multilogistic Regression using Initial and Radial Basis Function covariates",
	booktitle = "Proceedings of the Ninth International Join Conference on Neural Networks, IJCNN09",
	year = "2009",
	pages = "1067--1074",
	address = "Georgia, USA",
	month = "June"
}

@InProceedings{ Valero2007,
	author = "A. Valero and F. P{\'e}rez-Rodriguez and E. Carrasco and C. Herv{\'a}s and P. Guti{\'e}rrez and R.M. Garc{\'i}a-Gimeno and G. Zurera and J.C. Fern{\'a}ndez",
	title = "Evolutionary combined neural networks for modelling the growth boundaries for a five strain Staphylococcus aureus cocktail against temperature, pH and water activity",
	booktitle = "Proceedings of the 5th International Conference Predictive Modelling in Foods, IC PMF 2007",
	year = "2007",
	pages = "291--294",
	address = "Athens, Greece",
	month = "September"
}

@Article{ Valero2009,
	author = "A. Valero and F. P{\'e}rez-Rodr{\'i}guez and E. Carrasco and J.M. Fuentes-Alventosa and R.M. Garc{\'i}a-Gimeno and G. Zurera",
	title = "Modelling the growth boundaries of Staphylococcus aureus: Effect of temperature, pH and water activity",
	journal = "International Journal Food Microbiology",
	year = "2009",
	volume = "133",
	pages = "186--194"
}

@Article{ Zaika1994,
	author = "L.L. Zaika and E. Moulden and L. Weimer and J.G. Phillips and R.L. Buchanan",
	title = "Model for the combined effects of temperature, initial pH, sodium chloride and sodium nitrite concentrations on anaerobic growth of Shigella Flexneri",
	journal = "International Journal of Food Microbiology",
	year = "1994",
	volume = "23",
	pages = "345--358"
}

@Article{ Ross2000,
	author = "T. Ross and P. Dalgaard and S. Tienungoon",
	title = "Predictive modelling of the growth and survival of Listeria infishery products",
	journal = "International Journal of Food Microbiology",
	year = "2000",
	volume = "62",
	pages = "231--245"
}

@Article{ McMeekin1996,
	author = "T.A. McMeekin and T. Ross",
	title = "Modeling Applications",
	journal = "Journal of Food Protection",
	year = "1996",
	pages = "1--88"
}

@Article{ Schaffner1997,
	author = "D. Schaffner and T.P. Labuza",
	title = "Summing it up: predictive microbiology",
	journal = "Food Technology",
	year = "1997",
	volume = "51",
	pages = " 95--99"
}

@Article{ McMeekin2000,
	author = "T.A. McMeekin and K. Presser and D.A. Ratkowsky and T. Ross and M. Salter and S. Tienungoon",
	title = "Quantifying the hurdle concept by modelling the bacterial growth/ no growth interface",
	journal = "International Journal of Food Microbiology",
	year = "2000",
	volume = "55",
	pages = "93--98"
}

@Article{ Genigeorgis1971,
	author = "C. Genigeorgis and S. Martin and C.E. Franti and H. Reimann",
	title = "Initiation of staphylococcal growth in laboratory media",
	journal = "Applied Microbiology",
	year = "1971",
	volume = "21",
	pages = "934--939"
}

@Article{ Ratkowsky1995,
	author = "D.A. Ratkowsky and T. Ross",
	title = "Modelling the bacterial growth/no growth interface",
	journal = "Letters in applied microbiology",
	year = "1995",
	volume = "20",
	pages = "29--33"
}

@Article{ Basheer2000,
	author = "I.A. Basheer and M.N. Hajmeer",
	title = "Artificial neural networks: fundamentals, computation, design and application",
	journal = "Journal of Microbiological Methods",
	year = "2000",
	volume = "43",
	pages = "3--31"
}

@Article{ Hajmeer2000,
	author = "M.N. Hajmeer and I.A. Basheer and J.L. Mardsden and D.Y.C. Fung",
	title = "New approach for modeling generalized microbial growth curves using artificial neural networks",
	journal = "Journal of Rapid Methods \& Automation in Microbiology",
	year = "2000",
	volume = "8",
	pages = "265--284",
	number = "4"
}

@Article{ Schepers2000,
	author = "A.W. Schepers and J. Thibault and C. Lacroix",
	title = "Comparison of simple neural network and nonlinear regression models for descriptive modeling of lactobacillus helveticus growth in pH-controlled batch cultures",
	journal = "Enzyme Microbiol Technology",
	year = "2000",
	volume = "26",
	pages = "431--445"
}

@Article{ Jeyamkondan2001,
	author = "S. Jeyamkondan and D.S. Jayas and R.A. Holley",
	title = "Microbial growth modelling with artificial neural networks",
	journal = "International Journal Food Microbiology",
	year = "2001",
	volume = "64",
	pages = "343--354"
}

@Article{ Lou2001,
	author = "W. Lou and S. Nakai",
	title = "Application of artificial neural networks for predicting the thermal inactivation of bacteria: a combined effect of temperature, pH, and water activity",
	journal = "Food Research International",
	year = "2001",
	volume = "34",
	pages = "573--579",
	number = "7"
}

@Article{ Hajmeer2002,
	author = "M. Hajmeer and I. Basheer",
	title = "A probabilistic neural network approach for modeling and classification of bacterial growth/no-growth data",
	journal = "Journal of Microbiological Methods",
	year = "2002",
	volume = "51",
	pages = "217--226"
}

@Article{ Garcia2003,
	author = "R.M. Garcia-Gimeno and C. Hervas-Martinez and E. Barco-Alcala and G. Zurera-Cosano and E. Sanz-Tapia",
	title = "An artificial neural network approach to Escherichia coli O157 : H7 growth estimation",
	journal = "Journal of Food Science",
	year = "2003",
	volume = "68",
	pages = " 639--645"
}

@Article{ Garcia2005,
	author = "R.M. Garcia-Gimeno and C. Hervas-Martinez and R. Rodriguez-Perez and G. Zurera-Cosano",
	title = "Modelling the growth of Leuconostoc mesenteroides by artificial neural networks",
	journal = "International Journal of Food Microbiology",
	year = "2005",
	pages = "317--332"
}

@Article{ Soriano2002,
	author = "J.M. Soriano and G. Font and J.C. Molt{\'o} and J. Ma{\~n}es",
	title = "Enterotoxigenic staphylococci and their toxins in restaurant foods",
	journal = "Trends of Food Science and Technology",
	year = "2002",
	volume = "13",
	pages = "60--67"
}

@Article{ Garcia2009,
	title = "Predicting mycotoxins in foods: a review",
	author = "D. Garcia and A.J. Ramos and V. Sanchis and S. Marin",
	journal = "Food Microbiology",
	pages = "757--769",
	volume = "26",
	year = "2009"
}

@InProceedings{ Hervas2007c,
	author = "C. Herv{\'a}s and F.J. Mart{\'i}nez and A.C. Mart{\'i}nez and P.A. Guti{\'e}rrez and J.C. Fern{\'a}ndez",
	title = "Aprendizaje mediante la hibridaci{\'o}n de t{\'e}cnicas heur{\'i}sticas y estad{\'i}sticas de optimizaci{\'o}n en refresi{\'o}n log{\'i}stica binaria",
	booktitle = "Actas del V Congreso Espa{\~n}ol sobre metaheur{\'i}sticas, algoritmos evolutivos y bioinspirados, MAEB 2007",
	year = "2007",
	pages = "61--68",
	address = "Tenerife, Espa{\~n}a",
	month = "Febrero"
}

@InProceedings{ Hervas2007b,
	author = "C. Herv{\'a}s and P.A. Guti{\'e}rrez and J.C. Fern{\'a}ndez and A.J. Tall{\'o}n",
	title = "Regresi{\'o}n log{\'i}stica multiclase utilizando funciones de base evolutivas de tipo proyecci{\'o}n",
	booktitle = "Actas del II congreso espa{\~n}ol de inform{\'a}tica, CEDI 2007, en el IV taller de miner{\'i}a de datos y aprendizaje, TAMIDA 2007",
	year = "2007",
	pages = "65--72",
	address = "Zaragoza, Espa{\~n}a",
	month = "Septiembre"
}

@Article{ Edwards2004,
	title = "Ideal Observers and Optimal ROC Hypersurfaces in N-Class Classification",
	author = "D. Edwards and C. Metz and M. Kupinski",
	journal = "IEEE Transactions on Medical Imaging",
	pages = "891--895",
	volume = "23",
	number = "7",
	year = "2004"
}

@InProceedings{ Abraham2000b,
	title = "Optimal Design of Neural Nets Using Hybrid Algorithms",
	booktitle = "Proceedings of 6 th Pacific Rim International Conference on Artificial Intelligence, PRICAI 2000",
	author = "A. Abraham and B. Nath",
	pages = "510--520",
	year = "2000",
	address = "Hanoi, Vietnam",
	month = "December"
}

@Book{ Sharkey1999,
	title = "Combining Artificial Neural Nets, Ensemble and Modular Multi-Net systems",
	author = "A. Sharkey",
	publisher = "Springer-Verlag",
	year = "1999"
}

@InProceedings{ Liu2004,
	title = "An empirical study of building compact ensembles",
	booktitle = "Proceedings of the 5th International Conference on Web-Age Information Management, WAIM2004 in Lecture Notes in Computer Science",
	author = "H. Liu and A. Mandvikar and J. Mody",
	address = "Dalian, China",
	pages = "622--627",
	volume = "3129",
	month = "July",
	year = "2004"
}

@Article{ Liu2005,
	title = "Classifier combination based on confidence transformation",
	author = "C. Liu",
	journal = "Pattern Recognition",
	pages = "11--28",
	volume = "38",
	year = "2005"
}

@Article{ Rokach2009,
	title = "Taxonomy for characterizing ensemble methods in classification tasks: A review and annotated bibliography",
	author = "L. Rokach",
	journal = "Computational Statistics \& Data Analysis",
	pages = "4046--4072",
	volume = "53",
	year = "2009"
}

@InBook{ Theodoridis2006,
	author = "S. Theodoridis and K. Koutroumbas",
	title = "Pattern Recognition, Third Edition",
	publisher = "Elsevier Academic Press",
	year = "2006",
	pages = "181--196",
	chapter = "4"
}

@Article{ Hervas2008,
	author = "C. Herv{\'a}s and M. Silva and P.A. Guti{\'e}rrez and A. Serrano",
	title = "Multilogistic regression by evolutionary neural network as a classification tool to discriminate highly overlapping signals: Qualitative investigation of volatile organic compounds in polluted waters by using headspace-mass spectrometric analysis",
	journal = "Chemometrics and Intelligent Laboratory Systems",
	year = "2008",
	volume = "92",
	pages = "179--185"
}

@InProceedings{ Jin2006b,
	author = "L. Graning and Y. Jin and B. Sendhoff",
	title = "Generalization Improvement in Multi-Objective Learning",
	booktitle = "Proceedings of the International Joint Conference on Neural Netowrks, IJCNN",
	year = "2006",
	pages = "9893--9900",
	address = "Vancouver, Canada",
	month = "July"
}

@Article{ Jin2006,
	author = "Y. Jin and B. Sendholf and E. Korner",
	title = "Simultaneous Generation of Accurate and Interpretable Neural Network Classifiers",
	journal = "Studies in Computational Intelligente",
	year = "2006",
	volume = "16",
	pages = "291--312"
}

@InProceedings{ Jin2004,
	author = "Y. Jin and T. Okabe and B. Sendhoff",
	title = "Neural Network Regularization and Ensembling Using Multi-Objective Evolutinary Algorithms",
	booktitle = "Proceedings of the Congress on Evolutionary and Ensembling Using Multi-Objective Evolutionary Algorithms",
	year = "2004",
	volume = "1",
	pages = "1--8",
	address = "Portland"
}

@Article{ Dietterich1997,
	title = "Machine-Learning research: Four current directions",
	author = "T. G. Dietterich",
	journal = "AI Magazine",
	pages = "97--136",
	volume = "18",
	number = "4",
	year = "1997"
}

@Article{ Chandra2006,
	author = "A. Chandra and X. Yao",
	title = "Ensemble Learning Using Multi-Objective Evolutionary Algorithms",
	journal = "Journal of Mathematical Modelling and Algorithms",
	year = "2006",
	volume = "5",
	pages = "417--445",
	number = "4"
}

@InProceedings{ Abbass2003b,
	author = "H.A. Abbass",
	title = "Pareto neuro-evolution: constructive ensemble of neural networks using multi-objective optimization",
	booktitle = "Proceedings of the IEEE Congress on Evolutionary Computation, CEC2003",
	year = "2003",
	volume = "3",
	pages = "2074--2080",
	address = "Canberra, Australia",
	month = "December"
}

@PhDThesis{ Brown2004,
	title = "Diversity in Neural Networks Ensembles",
	author = "G. Brown",
	school = "School of Computer Science",
	address = "University of Birmingham",
	year = "2004"
}

@Article{ Moller1993_1,
	author = "M.F. Moller",
	title = "A Scaled Conjugate Gradient Algorithm for Fast Supervised Learning",
	journal = "Neural Networks",
	year = "1993",
	volume = "6",
	pages = "525--533",
	number = "4"
}

@Article{ Falas2005,
	title = "Implementing Temporal-Difference Learning with the Scaled Conjugate Gradient Algorithm ",
	author = "T. Falas and A. Stafylopatis",
	journal = "Neural Processing Letters",
	pages = "361--375",
	volume = "22",
	year = "2005"
}

@Article{ Liu1999,
	author = "Y. Liu and X. Yao",
	title = "Ensemble learning via negative correlation",
	journal = "Neural Networks",
	year = "1999",
	volume = "12",
	pages = "1399--1404",
	number = "10"
}

@Article{ Islam2003,
	title = "A constructive algorithm for training cooperative neural networks ensembles",
	author = "M. M. Islam and X. Yao",
	journal = "IEEE Transaction on Neural Networks",
	pages = "820--834",
	volume = "14",
	number = "4",
	year = "2003"
}

@Book{ Brazdil2009,
	title = "Cognitive technologies, Metalearning, applications to data mining",
	author = "P. Brazdil and C. Giraud-Carrier and C. Soares and R. Vilalta",
	publisher = "Springer",
	year = "2009"
}

@Article{ Kordik2010,
	title = "Meta-learning approach to neural network optimization",
	author = "P. Kord{\'i}k and J. Koutn{\'i}k and J. Drchal and O. Kov{\'a}rik and M. Cepek and M. Snorek",
	journal = "Neural Networks",
	pages = "568--582",
	volume = "23",
	year = "2010"
}

@Article{ Breiman1996,
	author = "L. Breiman",
	title = "Bagging predictors",
	journal = "Machine Learning",
	year = "1996",
	volume = "24",
	pages = "123--140",
	number = "2"
}

@InProceedings{ Dietterich2000,
	title = "Ensemble methods in machine learning",
	booktitle = "Proceedings of the first international workshop in Multiple Classifier Systems, MCS2000, in Lecture Notes in Computer Science",
	author = "T. G. Dietterich",
	address = "Cagliari, Italy",
	pages = "1--15",
	volume = "1857",
	year = "2000"
}

@Article{ Pedrajas2005,
	author = "N. Garcia-Pedrajas and C. Hervas-Martinez and D. Ortiz-Boyer",
	title = "Cooperative coevolution of artificial neural network ensembles for pattern classification",
	journal = "IEEE Transaction on Evolutionary Computation",
	year = "2005",
	volume = "9",
	pages = "271--302",
	number = "3"
}

@Article{ Opitz1999,
	title = "Popular ensemble methods: An empirical study",
	author = "D. Opitz and R. Maclin",
	journal = "Journal of Arti cial Intelligence Research",
	pages = "169--198",
	volume = "11",
	year = "1999"
}

@Article{ Chen2010,
	title = "Multi-objective neural network ensembles based on regularized negative correlation learning",
	author = "H. Chen and X. Yao",
	journal = "IEEE Transactions on Knowledge and Data Engineering",
	pages = "In Press",
	year = "2009"
}

@Article{ Chen2009,
	title = "Regularized Negative Correlation Learning for Neural Network Ensembles",
	author = "H. Chen and X. Yao",
	journal = "IEEE Transactions on Neural Networks",
	pages = "1962--1979",
	volume = "20",
	number = "12",
	year = "2009"
}

@Article{ Chandra2006b,
	title = "Trade-Off Between Diversity and Accuracy in Ensemble Generation",
	author = "A. Chandra and H. Chen and X. Yao",
	journal = "Studies in Computational Intelligence",
	pages = "429--464",
	volume = "16",
	year = "2006"
}

@InProceedings{ Chandra2004,
	author = "A. Chandra and X. Yao",
	title = "DIVACE: Diverse and Accurate Ensemble Learning Algorithm",
	booktitle = "Proceedings of the Fifth International Conference on intelligent Data Engineering and Automated learning",
	year = "2004",
	volume = "3177",
	pages = "619--625",
	address = "Exeter, UK",
	publisher = "Lectures Notes and Computer Science, Springer, Berlin"
}

@InProceedings{ Fernandez2009b,
	author = "J.C. Fern{\'a}ndez and M. Carbonero and P.A. Guti{\'e}rrez and C. Herv{\'a}s",
	title = "Ensembles de redes neuronales construidos mediante algoritmos h{\'i}bridos multiobjetivo para optimizar la precisi{\'o}n y la sensitividad",
	booktitle = "Actas del VI Congreso espa{\~n}ol sobre metaheur{\'i}sticas, algoritmos evolutivos y bioinspirados, MAEB 2009",
	year = "2009",
	pages = "309--316",
	address = "Tenerife, Espa{\~n}a",
	month = "Febrero"
}

@Book{ Kuncheva2005,
	title = "Combining Patterns Classifiers, Methods and Algorithms",
	author = "L. I. Kuncheva",
	publisher = "John Wiley \& Sons",
	year = "2005"
}

@Article{ Brown2005,
	title = "Diversity creation methods: A survey and categorisation",
	author = "G. Brown and J. Wyatt and R. Harris and X. Yao",
	journal = "Information Fusion",
	pages = "5--20",
	volume = "6",
	number = "1",
	year = "2005"
}

@Article{ Minku2008,
	title = "Clustering and co-evolution to construct neural network ensembles: An experimental study",
	author = "F. L. Minku and T. B. Ludemir",
	journal = "Neural Networks",
	pages = "1363--1379",
	volume = "21",
	year = "2008"
}

@Article{ Kuncheva2003,
	title = "Measures of Diversity in Classifier Ensembles and Their Relationship with the Ensemble Accuracy",
	author = "L. I. Kuncheva and C. J. Whitaker",
	journal = "Machine Learning",
	pages = "181--207",
	volume = "51",
	year = "2003"
}

@Article{ Yao1998,
	author = "X. Yao and Y. Liu",
	title = "Toward Designing Artificial Neural Networks by Evolution",
	journal = "Applied Mathematics and Computation",
	year = "1998",
	volume = "91",
	pages = "83--90",
	number = "1"
}

@Article{ Wiegand2004,
	author = "S. Wiegand and C. Igel",
	title = "Evolutionary Multi-Objective Optimization of Neural Networks for Face Detection",
	journal = "International Journal of Computation Intelligence and Applications",
	year = "2004",
	volume = "4",
	pages = "237--253",
	number = "3"
}

@Article{ Fieldsend2005,
	author = "J.E. Fieldsend and S. Singh",
	title = "Pareto evolutionary neural networks",
	journal = "IEEE Transaction on Neural Networks",
	year = "2005",
	volume = "16",
	pages = "338--354",
	number = "2"
}

@Article{ Marquardt1963,
	author = "D. Marquardt",
	title = "An Algorithm for Least-Squares Estimation of Nonlinear Parameters",
	journal = "Journal of the Society for Industrial and Applied Mathematics",
	year = "1963",
	volume = "11",
	pages = "431--441",
	number = "2"
}

@Article{ Yen2006,
	author = "G.G. Yen",
	title = "Multiobjective Evolutionary Algorithm for Radial Basis Function Neural Network Design",
	year = "2006",
	pages = "221--239",
	publisher = "Springer-Verlag",
	journal = "Studies in Computational Intelliegence"
}

@Book{ Hochberg1987,
	author = "Y. Hochberg and A. Tamhane",
	title = "Multiple Comparison Procedures",
	publisher = "John Wiley \& Sons",
	year = "1987"
}

@Book{ Snedecor1980,
	author = "G.W. Snedecor and W.G. Cochran",
	title = "Statistical Methods",
	publisher = "Iowa State University Press",
	year = "1980"
}

@Book{ Tukey1977,
	author = "J.W. Tukey",
	title = "Exploratory Data Analysis",
	publisher = "Addison-Wesley",
	year = "1977"
}

@Article{ Dunn1961,
	author = "O.J. Dunn",
	title = "Multiple comparisons among means",
	journal = "Journal of the American Statistical Association",
	year = "1961",
	volume = "56",
	pages = "52--56"
}

@Article{ Hatanaka2006,
	author = "T. Hatakana and N. Nobuhiko and K. Uosaki",
	title = "Multi-Objective Structure Selection for RBF Networks and Its Application to Nonlinear System Identification",
	journal = "Studies in Computational Intelligence",
	year = "2006",
	volume = "16",
	pages = "491--505"
}

@Article{ Gonzalez2003,
	author = "J. Gonz{\'a}lez and I. Rojas and J. Ortega and H. Pomares and F.J. Fern{\'a}ndez and A.F. D{\'i}as",
	title = "Multiobjective Evolutionary Optimization of the Size, Shape, and Position Parameters of Radial Basis Function Networks for Function Approximation",
	journal = "IEEE Transactions on Neural Networks",
	year = "2003",
	volume = "14",
	pages = "1478--1495",
	number = "6"
}

@InProceedings{ Delgado2007,
	author = "M. Delgado and M.P. Cu{\'e}llar and M.C. Pegalajar",
	title = "Algoritmos multiobjetivo h{\'i}bridos para entrenamiento y optimizaci{\'o}n de modelos neuronales recurrentesdin{\'a}micos",
	booktitle = "En actas del V congreso en Metaheur{\'i}sticas, Algoritmos Evolutivos y Bioinspirados, MAEB",
	year = "2007",
	pages = "91--98",
	address = "Tenerife, Espa{\~n}a",
	month = "Febrero"
}

@Article{ Delgado2005,
	author = "M. Delgado and M.C. Pegalajar",
	title = "A multiobjective genetic algorithm for obtainthe optimal size of a recurrent neural network for grammatical inference",
	journal = "Pattern Recognition",
	year = "2005",
	volume = "38",
	pages = "1444--1456"
}

@InProceedings{ Fieldsend2002,
	author = "J.E. Fieldsend and S. Singh",
	title = "Pareto Multi-Objective Non-Linear Regression Modelling to Aid CAPM Analogous Forecasting",
	booktitle = "Proceedings of the International Joint Conference on Neural Networks, IJCNN, part of the IEEE World Congress on Computational Intelligence",
	year = "2002",
	pages = "388--393",
	address = "Hawaii"
}

@Article{ Gepperth2006,
	author = "A. Gepperth and S. Roth",
	title = "Applications of multi-objective structure optimization",
	journal = "Neurocomputing",
	year = "2006",
	volume = "69",
	pages = "701--703"
}

@InBook{ Roth2006,
	author = "S. Roth and A. Gepperth and C. Igel",
	title = "Multi-objective neural network optimization for visual object detection",
	journal = "Multi-objective Machine Learning, Studies in Computational Intelligence",
	year = "2006",
	publisher = "Springer",
	pages = "629--655"
}

@Article{ Jin2008,
	author = "Y. Jin and B. Sendhoff",
	title = "Pareto-Based Multiobjective Machine Learning: An Overview and Case Studies",
	journal = "IEEE Transaction on Systems, Man and Cybernetics, Part. C: Applications and reviews",
	year = "2008",
	volume = "38",
	pages = "397--415",
	number = "3"
}

@InProceedings{ Riedmiller1993,
	author = "M. Riedmiller and H. Braun",
	title = "A Direct Adaptive Method for Faster Backpropagation Learning: The RPROP Algorithm",
	booktitle = "Proceedings of the IEEE International Conference on Neural Networks",
	year = "1993",
	volume = "1",
	pages = "586--591",
	address = "San Francisco, USA",
	month = "March"
}

@Book{ Price2005,
	author = "K.V. Price and R.M. Storn and J.A. Lampinen",
	title = "Differential Evolution. A Practical Approach to Global Optimization",
	publisher = "Springer",
	year = "2005"
}

@Article{ Storn1997,
	title = "Differential Evolution. A fast and efficient heuristic for global optimization over continuous spaces",
	author = "R. Storn and K. Price",
	journal = "Journal of Global Optimization",
	pages = "341--359",
	volume = "11",
	year = "1997"
}

@InBook{ Mezuza2008,
	title = "Multi-objective Optimization Using Diffential Evolution: A Survey of the State-of-the-art",
	author = "E. Mezuza-Montes and M. Reyes-Sierra and C. A. Coello",
	publisher = "Springer-Verlag",
	pages = "173--196",
	volume = "143",
	year = "2008"
}

@Book{ Chakraborty2008,
	title = "Advances in Differential Evolution",
	author = "U. K. Chakraborty",
	publisher = "Springer",
	year = "2008"
}

@Article{ Park1991,
	author = "J. Park and I.W. Sandberg",
	title = "Universal Approximation Using Radial Basis Function Networks",
	journal = "Neural Computation",
	year = "1991",
	volume = "3",
	pages = "246--257",
	number = "2"
}

@Article{ Jarno2003,
	author = "J. Ilonen and J.K. Kamarainen and J. Lampinen",
	title = "Differential Evolution Training Algorithm for Feed-forward Neural Networks",
	journal = "Neural Processing Letters",
	year = "2003",
	volume = "17",
	pages = "93--105"
}

@InProceedings{ Gang1999,
	title = "A fast evolutionary algorithm for neural network train- ing using differential evolution ",
	booktitle = "Proceedings of the Fifth International Conference for Young Computer Scientists, ICYCS’99",
	author = "L. Gang and T. Yiqing and T. Fu",
	address = "Nanjin, China",
	pages = "507--511",
	volume = "1",
	month = "August",
	year = "1999"
}

@InProceedings{ Ning2007,
	author = "G. Ning and Y. Zhou",
	title = "A Modified Differential Evolution Algorithm for Optimization Neural Network",
	booktitle = "Proceedings of the International Conference on Intelligent Systems and Knowledge Engineering, ISKE 2007",
	address = "Chengdu, China",
	month = "October",
	year = "2007"
}

@Article{ Abbass2003,
	author = "H.A. Abbass",
	title = "Speeding Up Backpropagation Using Multiobjective Evolutionary Algorithms",
	journal = "Neural Computation",
	year = "2003",
	volume = "15",
	pages = "2705--2726"
}

@InProceedings{ Abbass2001-1,
	title = "PDE: a Pareto-frontier differential evolution approach for multi-objective optimization problems",
	booktitle = "Proceedings of the IEEE Congress on Evolutionary Computation",
	author = "H.A. Abbass and R. Sarker and C. Newton",
	address = "Seoul, South Korea",
	pages = "971--978",
	volume = "2",
	month = "May",
	year = "2001"
}

@Article{ Abbass2002b,
	title = "The Pareto Differential Evolution Algorithm",
	author = "H. A. Abbass and R. Sarker",
	journal = "International Journal on Artificial Intelligence Tools",
	pages = "531--552",
	volume = "11",
	number = "4",
	year = "2002"
}

@Article{ Deb2002,
	author = "K. Deb and A. Pratab and S. Agarwal and T. Meyarivan",
	title = "A fast and elitist multiobjective genetic algorithm: NSGA2",
	journal = "IEEE Transactions on Evolutionary Computation",
	year = "2002",
	volume = "6",
	pages = "182--197",
	number = "2"
}

@Book{ Golberg1989,
	author = "D.E. Goldberg",
	title = "Genetic Algorithms in Search, Optimization, and Machine Learning",
	publisher = "Addison-Wesley",
	year = "1989"
}

@Article{ Du2010,
	title = "Clustering: A neural network approach",
	author = "K. L. Du",
	journal = "Neural Networks",
	pages = "89--107",
	volume = "23",
	year = "2010"
}

@Article{ Sareni1998,
	title = "Fitness Sharing and Niching Methods Revisited",
	author = "B. Sareni and L. Krahenbuhl",
	journal = "IEEE Transactions on Evolutionary Computation",
	pages = "97--106",
	volume = "2",
	number = "3",
	year = "1998"
}

@Article{ Gutierrez2009d,
	author = "P.A. Guti{\'e}rrez and C. Herv{\'a}s and J.C. Fern{\'a}ndez and M. Jurado-Exposito and J.M. Pe{\~n}a-Barrag{\'a}n and F. L{\'o}pez-Granados",
	title = "Structural simplification of hybrid neuro-logistic regression models in multispectral analysis of remote sensed data",
	journal = "Neural Network World",
	year = "2009",
	volume = "19",
	pages = "3--20",
	number = "1"
}

@InProceedings{ Ismail2000,
	author = "A. Ismail and A.E. Engelbrecht",
	title = "Global optimization algorithms for training product units neural networks",
	booktitle = "Proceedings of the International Joint Conference on Neural Networks, IJCNN2000",
	year = "2000",
	address = "Como, Italy",
	pages = "132--137",
	volume = "1",
	month = "July"
}

@Article{ Bishop1961,
	title = "A generalization of the Stone-Weierstrass theorem",
	author = "C.M. Bishop",
	journal = "Pacific Journal of Mathematics",
	pages = "777--783",
	volume = "11",
	number = "3",
	year = "1961"
}

@TechReport{ Coen2000,
	author = "S. Coen and N. Intrator",
	title = "Global Optimization of RBF Networks",
	institution = "Tel-Aviv University",
	year = "2000"
}

@Book{ Back1997,
	author = {T. B{\"a}ck and D. Fogel and Z. Michalewicz},
	title = "Handbook of Evolutionary Computation",
	publisher = "Oxford University Press",
	year = "1997"
}

@Book{ Eiben2003,
	author = "A.E. Eiben and J.E. Smith",
	title = "Introduction to Evolutionary Computing",
	publisher = "Springer",
	year = "2003"
}

@Book{ Holland1992,
	author = "J. Holland",
	title = "Adaptation in Natural and Artificial Systems",
	publisher = "MIT Press",
	year = "1992"
}

@Book{ Fogel1966,
	author = "D.B. Fogel and A.J. Owens and M.J. Wals",
	title = "Artificial Intelligence through Simulated Evolution",
	publisher = "New York Wiley",
	year = "1966"
}

@Article{ Wolpert1996,
	author = "D. Wolpert and W.G Macready",
	title = "No Free Lunch Theorem for Optimization",
	publisher = "SFI-TR-95-02-010",
	year = "1997",
	address = "Santa Fe Institute",
	journal = "IEEE Transactions on Evolutionary Computation",
	pages = "67--82",
	volume = "1",
	number = "1"
}

@Article{ Jacobs1988,
	title = "Increased rates of convergence through learning rate adaptation",
	author = "R.A. Jacobs",
	journal = "Neural Networks",
	pages = "359--366",
	volume = "1",
	number = "4",
	year = "1988"
}

@InProceedings{ Igel2000,
	author = {C. Igel and M. H{\"u}sken},
	title = "Improving the Rprop Learning Algorithm",
	booktitle = "Proceedings of the Second International ICSC Symposium on Neural Computation, NC 2000",
	year = "2000",
	pages = "115--121",
	address = "Berlin, Germany",
	month = "May"
}

@Article{ Zainuddin2005,
	title = "Improving the Convergence of the Backpropagation Algorithm Using Local Adaptive Techniques",
	author = "Z. Zainuddin and N. Mahat and Y.A. Hassan",
	journal = "World Academy of Science, Engineering and Technology",
	pages = "79--82",
	volume = "1",
	year = "2005"
}

@Article{ Veitch1991,
	title = "A Modified Quickprop Algorithm",
	author = "A.C. Veitch and G. Holmes",
	journal = "Neural Computation",
	pages = "310--311",
	volume = "3",
	number = "3",
	year = "1991"
}

@Article{ Fletcher1964,
	title = "Function minimization by conjugate gradients",
	author = "R. Fletcher and C.M. Reeves",
	journal = "Computer Journal",
	pages = "149--154",
	volume = "7",
	year = "1964"
}

@InProceedings{ Yao1999,
	author = "X. Yao",
	title = "Evolving Artificial Neural Networks",
	booktitle = "Proceedings of the IEEE",
	year = "1999",
	volume = "87",
	pages = "1423--1447",
	number = "9",
	month = "September"
}

@Article{ Alfonso2006,
	author = "A.C. Mart{\'i}nez-Estudillo and F.J. Mart{\'i}nez-Estudillo and C. Herv{\'a}s-Mart{\'i}nez",
	title = "Evolutionary Product Unit based Neural Networks for Regression",
	journal = "Neural Networks",
	year = "2006",
	volume = "19",
	pages = "477--486",
	number = "4"
}

@Article{ Polak1969,
	author = "E. Polak and G. Ribi{\'e}re",
	title = "Note sur la convergence de methods de directions conjugres",
	journal = "Revue Francaise Informat, Reserche Op{\'e}rationnele",
	year = "1969",
	volume = "16",
	pages = "35--43"
}

@Article{ Powell1977,
	author = "M.J.D. Powell",
	title = "Restart procedures for the conjugate gradient method",
	journal = "Mathematical Programming",
	year = "1977",
	volume = "12",
	pages = "241--254"
}

@Article{ Davidon1991,
	author = "W.C. Davidon",
	title = "Variable Metric Method for Minimization",
	institution = "A.E.C",
	year = "1991",
	type = "Research and Development Report, ANL-5990",
	journal = "SIAM Journal on Optimization",
	pages = "1--17",
	volume = "1",
	number = "1"
}

@Article{ Broyden1970,
	author = "C.G. Broyden",
	title = "The Convergence of a Class of Double-rank Minimization Algorithms",
	journal = "Journal of the Institute of Mathematics and Its Applications",
	year = "1970",
	volume = "6",
	pages = "76--90"
}

@InProceedings{ Fu2008,
	title = "Evolving Neural Network Using Genetic Simulated Annealing Algorithms for Multi-spectral Image Classification",
	booktitle = "Proceedings of the 5th international symposium on Neural Networks: Advances in Neural Networks, Part II",
	author = "X. Fu and C. Guo",
	address = "Beijing, China",
	pages = "294--303",
	year = "2008"
}

@Book{ Alba2006,
	title = "Metaheuristic Procedures for Training Neural Networks",
	author = "E. Alba and R. Mart{\'i}",
	publisher = "Springer",
	year = "2006"
}

@Article{ Riedmiller1994,
	title = "Advanced supervised learning in multi-layer perceptrons-from Backpropagation to adaptive learning algorithms",
	author = "M. Riedmiller",
	journal = "International Journal on Computer Standards and Interfaces",
	pages = "265--278",
	volume = "16",
	year = "1994"
}

@Article{ Walczak1999,
	title = "Heuristic Principles for the Design of Artificial Neural Networks",
	author = "S. Walczak and N. Cerpa",
	journal = "Information and Software Technology",
	pages = "107--117",
	volume = "41",
	year = "1999"
}

@InProceedings{ Abraham2000,
	title = "Hybrid Heuristics for Optimal Design Of Artificial Neural Networks",
	booktitle = "Proceedings of the Third International Conference on Recent Advances in Soft Computing, RASC 2000",
	author = "A. Abraham and B. Nath",
	address = "Leicester, England",
	pages = "15--22",
	month = "June",
	year = "2000"
}

@Article{ Setiono1995,
	author = "R. Setiono",
	title = "Use of a quasinewton method in feedforward neural-network construction algorithm",
	journal = "IEEE Transactions on Neural Networks",
	year = "1995",
	volume = "5",
	pages = "54--65"
}

@Article{ Reed1993,
	author = "R. Reed",
	title = "Pruning algorithms - A survey",
	journal = "IEEE Transactions on Neural Networks",
	year = "1993",
	volume = "4",
	pages = "740--747"
}

@Article{ Angeline1994,
	author = "P.J. Angeline and G.M. Saunders and J.B. Pollack",
	title = "An evolutionary algorithm that constructs recurrent neural networks",
	journal = "IEEE Transactions on Neural Networks",
	year = "1994",
	volume = "5",
	pages = "54--65",
	number = "1"
}

@Article{ Lozano2008,
	title = "Replacement strategies to preserve useful diversity in steady-state genetic algorithms",
	author = "M. Lozano and F. Herrera and J.R. Cano",
	journal = "Information Sciences",
	pages = "4421--4433",
	volume = "178",
	number = "23",
	year = "2008"
}

@Article{ Burgess1994,
	author = "N. Burgess",
	title = "A constructive algorithm that converges for real-valued input patterns",
	journal = "International Journal on Neural Systems",
	year = "1994",
	volume = "5",
	pages = "59--66",
	number = "1"
}

@Book{ Reed1999,
	author = "R. Reed and R. Marks",
	title = "Neural Smithing",
	publisher = "The MIT Press",
	year = "1999"
}

@Article{ AlbertoF2009,
	title = "On the influence of an adaptative inference system in fuzzy rule based classification systems for imbalanced data-sets",
	author = "A. Fern{\'a}ndez and M.J. {del Jes{\'u}s} and F. Herrera",
	journal = "Expert Systems with Applications",
	pages = "9805--9812",
	volume = "36",
	year = "2009"
}

@Article{ Abbass2002a,
	author = "H.A. Abbass",
	title = "An Evolutionary Artificial Neural Networks Approach for Breast Cancer Diagnosis",
	journal = "Artificial Intelligence in Medicine",
	year = "2002",
	volume = "25",
	pages = "265--281"
}

@InProceedings{ Cruz2010,
	title = "Learning Artificial Neural Networks Multiclassifiers by Evolutionay Multiobjective Differential Evolution guided by Statistical Distributions",
	booktitle = "Proceedings of the Tenth International Join Conference on Neural Networks, IJCNN2010",
	author = "M. Cruz-Ram{\'i}rez and C. Herv{\'a}s-Mart{\'i}nez and J.C. Fern{\'a}ndez and J. S{\'a}nchez-Monedero",
	address = "Barcelona, Spain",
	pages = "Accepted",
	month = "July",
	year = "2010"
}

@InProceedings{ Cruz2010b,
	title = "Hybrid Pareto Differential Evolutionary Artificial Neural Networks to determine growth multi-classes in Predictive Microbiology",
	booktitle = "Proccedings of the The Twenty Third International Conference on Industrial, Engineering \& Other Applications of Applied Intelligent Systems IEA-AIE 2010",
	author = "M. Cruz-Ram{\'i}rez and J. S{\'a}nchez-Monedero and F. Fern{\'a}ndez-Navarro and J.C. Fern{\'a}ndez and C. Herv{\'a}s-Mart{\'i}nez",
	address = "C{\'o}rdoba, Spain",
	month = "June",
	year = "2010"
}

@Book{ ICMSF1980,
	title = "Microbial Ecology of Foods",
	author = "International Commision on Microbial Specifications for Foods (ICMSF)",
	publisher = "Academic Press",
	volume = "1",
	year = "1980"
}

@Book{ Witten2005,
	author = "I.H. Witten and E. Frank",
	title = "Data Mining: Practical Machine Learning Tools and Techniques, 2nd edition",
	publisher = "Morgan Kaufmann",
	year = "2005"
}

@Electronic{ Chang2001,
	author = "C.C. Chang and C.J. Lin",
	publisher = "Software available at http://www.csie.ntu.edu.tw/~cjlin/libsvm",
	title = "LIBSVM : a library for support vector machines",
	url = "Software available at http://www.csie.ntu.edu.tw/~cjlin/libsvm",
	year = "2001"
}

@InProceedings{ Abbass2001,
	author = "H.A. Abbass",
	title = "A Memetic Pareto Evolutionary Approach to Artificial Neural Networks",
	booktitle = "Proceedings of the 14th Australian Joint Conference on Artificial Intelligence: Advances in Artificial Intelligence in Lecture Notes In Computer Science",
	year = "2001",
	pages = "1--12",
	address = "Adelaide, Australia",
	month = "December"
}

@InProceedings{ Abbass2002,
	author = "H.A. Abbass",
	title = "The Self-Adaptive Pareto Differential Evolution Algorithm",
	booktitle = "Proceedings of the 2002 congress on Evolutionary Computation, CEC 02",
	year = "2002",
	pages = "831--836",
	address = "Piscataway, New Jersey",
	month = "May"
}

@Article{ Youden1950,
	title = "Index for rating diagnostic tests",
	author = "W.J. Youden",
	journal = "Cancer",
	pages = "32--35",
	volume = "3",
	number = "1",
	year = "1950"
}

@Article{ Sahiner2008,
	author = "B. Sahiner and H.P. Chan and L.M. Hadjiiski",
	title = "Performance Analysis of Three-Class Classifiers: Properties of a 3-D ROC Surface and the Normalized Volume Under the Surface for the Ideal Observer",
	journal = "IEEE Transactions on Medical Imaging",
	year = "2008",
	volume = "27",
	pages = "215--227",
	number = "2"
}

@Book{ Back1996,
	author = "T. Back",
	title = "Evolutionary Algorithms in Theory and Practice",
	publisher = "Oxford University Press",
	year = "1996"
}

@Book{ Rechenberg1973,
	title = "Evolutionsstrategie: Optimierung technischer Systeme nach Prinzipien der Biologischen Evolution",
	author = "I. Rechenberg",
	publisher = "Stuttgart, Alemania",
	year = "1973"
}

@Book{ Bishop1995,
	author = "C.M. Bishop",
	title = "Neural Networks for Pattern Recognition",
	publisher = "Oxford University Press",
	year = "1995"
}

@Book{ Dybowski2001,
	title = "Clinical Applications of Artificial Neural Networks",
	author = "R. Dybowski and V. Gant",
	publisher = "Cambridge University Press",
	year = "2001"
}

@Book{ Kamruzzaman2006,
	title = "Artificial neural networks in finance and manufacturing",
	author = "J. Kamruzzaman and R. Begg and R. A. Sarker",
	publisher = "Idea Group Publishing",
	year = "2006"
}

@Book{ Lisboa2000b,
	title = "Business Applications of Neural Networks: The State-Of-The-Art of Real-World Applications",
	author = "P.J.G. Lisboa and B. Edisbury and A. Vellido",
	publisher = "World Scientific Publishing Company",
	year = "2000"
}

@Book{ Rabunal2006,
	title = "Artificial neural networks in real-life applications",
	author = "J. R. Rabu{\~n}al and J. Dorrado",
	publisher = "Idea Group Publishing",
	year = "2006"
}

@Book{ Lisboa2000,
	title = "Artificial Neural Networks in Biomedicine",
	author = "P.J.G. Lisboa and E.C. Ifeachor and P.S. Szczepaniak",
	publisher = "Springer",
	year = "2000"
}

@Book{ Murray2010,
	title = "Applications of Neural Networks",
	author = "A. Murray",
	publisher = "Springer",
	year = "2010"
}

@Article{ Zhang2000,
	author = "G.P. Zhang",
	title = "Neural Networks for Classification: A Survey",
	journal = "IEEE Transactions on Systems, Man, and Cybernetics - Part C: Applications and Reviews",
	year = "2000",
	volume = "30",
	pages = "451--462",
	number = "4"
}

@Article{ Neri2010,
	title = "Recent advances in differential evolution: a survey and experimental analysis",
	author = "F. Neri and V. Tirronen",
	journal = " Artificial Intelligence Review",
	pages = "61--106",
	volume = "33",
	number = "1-2",
	year = "2010"
}

@Article{ CantuPaz2005,
	author = "E. Cant{\'u}-Paz and C. Kamath",
	title = "An Empirical Comparison of Combinations of Evolutionary Algorithms and Neural Networks for Classification Problems",
	journal = "IEEE Transactions on Systems, Man and Cybernetics, Part B: Cybernetics",
	year = "2005",
	volume = "35",
	pages = "915--927",
	number = "5"
}

@InProceedings{ Hervas2007a,
	title = "Evolutionary combining of basis function neural networks for classification",
	booktitle = "Proceedings of the 2nd International Work-Conference on the Interplay between Natural and Artificial Computation, IWINAC2007, in Lecture Notes in Computer Science, Part 1",
	author = "C. Herv{\'a}s and F.J. Mart{\'i}nez and M. Carbonero and C. Romero and J.C. Fern{\'a}ndez",
	address = "La Manga del Mar Menor, Spain",
	pages = "447--456",
	volume = "4527",
	year = "2007",
	month = "June"
}

@InProceedings{ Hervas2007,
	author = "C. Herv{\'a}s and F.J. Mart{\'i}nez and P.A. Guti{\'e}rrez and J.C. Fern{\'a}ndez and A.J. Tall{\'o}n",
	title = "Clasificaci{\'o}n mediante la Evoluci{\'o}n de Modelos H{\'i}bridos de Redes Neuronales",
	booktitle = "Actas del V Congreso Espa{\~n}ol sobre Metaheur{\'i}sticas, Algoritmos Evolutivos y Bioinspirados, MAEB07",
	year = "2007",
	pages = "77--84",
	address = "Tenerife, Espa{\~n}a",
	month = "Febrero"
}

@Book{ Coello2007,
	author = "C.A. Coello and G.B. Lamont and D.A.V. Veldhuizen",
	title = "Evolutionary Algorithms for Solving Multi-Objective Problems",
	publisher = "Springer",
	year = "2007",
	series = "Genetic and Evolutionary Computation"
}

@Article{ Ludemir2006,
	author = "T.B. Ludermir and A. Yamazaki and C. Zanchettin",
	title = "An Optimization Methodology for Neural Network Weights and Architectures",
	journal = "IEEE Transactions on Neural Networks",
	year = "2006",
	volume = "17",
	pages = "1452--1459",
	number = "6"
}

@Article{ Goh2008,
	author = "C.K. Goh and E.J. Teoh and K.C. Tan",
	title = "Hybrid multiobjective evolutionary design for artificial neural networks",
	journal = "IEEE Transactions on Neural Networks",
	year = "2008",
	volume = "19",
	pages = "1531--1548",
	number = "9"
}

@InProceedings{ Caruana2004,
	title = "Data mining in metric space: An empirical analysis of supervised learning performance criteria",
	booktitle = "Proceedings of the 10th International Conference in Knowledge Discovery and Data Mining",
	author = "R. Caruana and A. Niculescu-Mizil",
	pages = "69--78",
	year = "2004",
	address = "Seattle, USA",
	month = "August"
}

@Article{ He2009,
	title = "Learning from imbalanced data",
	author = "H. He and E. A. Garcia",
	journal = "IEEE Transactions on Knowledge and Data Engineering",
	pages = "1263--1284",
	volume = "21",
	number = "9",
	year = "2009"
}

@Book{ Chauvin1995,
	author = "Y. Chauvin and D.E. Rumelhart",
	title = "Backpropagation: Theory, Architectures, and Applications",
	publisher = "Lawrence Erlbaum Associates Inc",
	year = "1995"
}

@Book{ Glover2003,
	title = "Handbook of metaheuristics",
	author = "F. Glover and G.A. Kochenberger",
	publisher = "Kluwer Academic Publishers",
	year = "2003"
}

@Article{ Cohen2002a,
	title = "A hybrid projection-based and radial basis function architecture: initial values and global optimization",
	author = "S. Cohen and N. Intrator",
	journal = "Pattern Analisys and Applications",
	pages = "113--120",
	volume = "5",
	year = "2002"
}

@Article{ Wedge2006,
	author = "D. Wedge and D. Ingram and D. McLean and C. Mingham and Z. Bandar",
	title = "On Global-Local Artificial Neural Networks for Function Approximation",
	journal = "IEEE Transactions on Neural Networks",
	year = "2006",
	volume = "17",
	pages = "942--952",
	number = "4"
}

@Book{ Deb2004,
	author = "K. Deb",
	title = "Multi-Objective Optimization using Evolutionary Algorithms",
	publisher = "John Wiley \& Sons",
	year = "2004"
}

@Article{ Dehuri2009,
	author = "S. Dehuri and S.-B. Cho",
	title = "Multi-criterion Pareto based particle swarm optimized polynomial neural network for classification: A review and state-of-the-art",
	journal = "Computer Science Review",
	year = "2009",
	volume = "3",
	pages = "19--40"
}

@Article{ Donoho1989,
	author = "D. Donoho",
	title = "Projection based in approximation and a duality with kernel methods",
	journal = "Annals of Statistics",
	year = "1989",
	volume = "17",
	pages = "58--106"
}

@InProceedings{ Duch2001,
	author = "W. Duch and N. Jankowski",
	title = "Transfer Functions Hidden Possibilities for Better Neural Networks",
	booktitle = "Proceedings of the 9th European Symposium on Artificial Neural Networks",
	year = "2001",
	address = "Bruges, Belgium",
	month = "April"
}

@Article{ Everson2006,
	author = "R.M. Everson and J.E. Fieldsend",
	title = "Multi-class ROC analysis from a multi-objetive optimisation perspective",
	journal = "Pattern Recognition Letters",
	year = "2006",
	volume = "27",
	pages = "918--927"
}

@Article{ Fawcett2006,
	author = "T. Fawcett",
	title = "An introduction to ROC analysis",
	journal = "Pattern Recognition Letters",
	year = "2006",
	volume = "27",
	pages = "861--874"
}

@InProceedings{ Yau2007,
	author = "Y.J. Yau and J. Teo and P. Anthony",
	title = "Pareto Evolution and Co-evolution in Cognitive Game AI Syntesis",
	journal = "Lecture Notes in Computer Sciences",
	year = "2007",
	volume = "4403",
	pages = "227--241",
	booktitle = "Proceedings of the 4th international conference on Evolutionary multi-criterion optimization, EMO2007",
	address = "Matsushima, Japan",
	month = "September"
}

@Article{ Lahiri2008,
	title = "Process modeling and optimization strategies integrating neural networks and differential evolution ",
	author = "S. K. Lahiri and N. Khalfe and M. A. Garawi",
	journal = "Process control and information systems, Special Report",
	pages = "1--10",
	year = "2008"
}

@InProceedings{ Iorio2006,
	title = "Incorporating Directional Information within a Differential Evolution Algorithm for Multi-objective Optimization",
	booktitle = "Proceedings of the 2006 Genetic and Evolutionary Conputation Conference, GECCO2006",
	author = "A. W. Iorio and X. Li",
	address = "Washington, USA",
	pages = "691--697",
	volume = "1",
	month = "July",
	year = "2006"
}

@InProceedings{ Iorio2004,
	title = "Solving Rotated Multi-objective Optimization Problems Using Differential Evolution",
	booktitle = "Proceedings of the 17th Australian Joint Conference in Artificial Intelligence, AI2004, in Lecture Notes in Artificial Intelligence",
	author = "A. W. Iorio and X. Li",
	address = "Cairns, Australia",
	pages = "861--872",
	volume = "3339",
	month = "December",
	year = "2004"
}

@Article{ Friedman1991,
	author = "J. Friedman",
	title = "Multivariate adaptive regression splines (with discussion)",
	journal = "Annals of Statistics",
	year = "1991",
	volume = "19",
	pages = "1--141"
}

@Article{ Ou2007,
	author = "G. Ou and Y.L. Murphey",
	title = "Multi-class pattern classification using neural networks",
	journal = "Pattern Recognition",
	year = "2007",
	volume = "40",
	pages = "4--18"
}

@Article{ Fu2004,
	author = "C. Fu and C. Chien-Hsing and L. Chin-Chin and C. Chun-Jen",
	title = "A prototype classification method and its application to handwritten character recognition",
	journal = "IEEE International Conference on Systems, Man and Cybernetics",
	year = "2004",
	volume = "5",
	pages = "4738--4743"
}

@InProceedings{ ElSebakhy2007,
	author = "E.A. El-Sebakhy and K.A. Faisal",
	title = "Bacterial Growth Classification with Support Vector Machines: A Comparative Study",
	booktitle = "Proceedings of the 2007 International Conference on Machine Learning; Models, Technologies and Applications, (MLMTA'07)",
	year = "2007",
	pages = "90--98",
	address = "Las Vegas, Nevada",
	publisher = "CSREA Press",
	month = "June"
}

@InProceedings{ ElSebakhy2007b,
	author = "E.A. El-Sebakhy and I. Raharja and S. Adem and Y. Khaeruzzaman",
	title = "Neuro-Fuzzy Systems Modeling Tools for Bacterial Growth",
	booktitle = "Proceedings if the International Conference on Computer Systems and Applications, EEE/ACS 2007",
	year = "2007",
	pages = "374--380",
	address = "Amman, Jordan",
	month = "May"
}

@Article{ Hajmeer2003,
	author = "M.N. Hajmeer and I.A. Basheer",
	title = "Comparison of logistic regression and neural network-based classifiers for bacterial growth",
	journal = "Food Microbiology",
	year = "2003",
	volume = "20",
	pages = "43--55"
}

@Article{ Scheme2007,
	author = "E.J. Scheme and B. Hudgins and P.A. Parker",
	title = "Myoelectric Signal Classification for Phoneme-Based Speech Recognition",
	journal = "IEEE Transactions on Biomedical Engineering",
	year = "2007",
	volume = "54",
	pages = "694--699",
	number = "4"
}

@Article{ Houck1997,
	author = "C.R. Houck and J.A. Joines and M.G. Kay and J.R. Wilson",
	title = "Empirical investigation of the benefits of partial lamarckianism",
	journal = "Evolutionary Computation",
	year = "1997",
	volume = "5",
	pages = "31--60"
}

@Article{ Durbin1989,
	author = "R. Durbin and D. Rumelhart",
	title = "Products Units: A computationally powerful and biologically plausible extension to backpropagation networks",
	journal = "Neural Computation",
	year = "1989",
	volume = "1",
	pages = "133--142"
}

@Book{ Haykin2008,
	author = "S. Haykin",
	title = "Neural networks and learning machines",
	publisher = "Prentice Hall",
	year = "2008"
}

@Book{ Haykin1998,
	author = "S. Haykin",
	title = "Neural Networks: A comprehensive Foundation, 2nd edition",
	publisher = "Prentice Hall",
	year = "1998"
}

@Book{ Poo2007,
	title = "Object-Oriented Programming and Java",
	author = "D. Poo and D. Kiong and S. Ashok",
	publisher = "Springer",
	year = "2007"
}

@Article{ He2008,
	author = "X. He and E.C. Frey",
	title = "The Meaning and Use of the Volume Under a Three-Class ROC Surface (VUS)",
	journal = "IEEE Transactions on Medical Imaging",
	year = "2008",
	volume = "27",
	pages = "577--588"
}

@Article{ Baxter1992,
	author = "J. Baxter",
	title = "The evolution of learning algorithms for artificial neural networks",
	booktitle = "Complex Systems",
	year = "1992",
	pages = "313--326",
	address = "Amsterdam, The Netherlands",
	publisher = "IOS",
	journal = "Complex Systems"
}

@InProceedings{ Dreiseitl2007,
	title = "Training Multiclass Classifiers by Maximizing the Volume Under the ROC Surface",
	booktitle = "Proceedings of the 11th International Conference on Computer Aided Systems Theory, EUROCAST 2007",
	author = "S. Dreiseitl",
	address = "Las Palmas de Gran Canaria, Spain",
	pages = "878--885",
	volume = "4739",
	month = "February",
	year = "2007"
}

@Article{ Ho2002,
	author = "T.K. Ho and M. Basu",
	title = "Complexity Measures of Supervised Classification Problems",
	journal = "IEEE Transactions on Pattern Analysis and Machine Intelligence",
	year = "2002",
	volume = "24",
	pages = "289--300",
	number = "3"
}

@Article{ Hush1993,
	author = "D.R. Hush and B.G. Horne",
	title = "Progress in Supervised Neural Networks",
	journal = "IEEE Signal Processing Magazine",
	year = "1993",
	volume = "10",
	pages = "8--39"
}

@Article{ Iulian2002,
	author = "B.C. Iulian",
	title = "Hybrid Feedforward Neural Networks for Solving Classification Problems",
	journal = "Neural Processing Letters",
	year = "2002",
	volume = "16",
	pages = "81--91",
	number = "1"
}

@Article{ Keel2009,
	title = "KEEL: A Software Tool to Assess Evolutionary Algorithms for Data Mining Problems",
	author = "J. Alcal{\'a}-Fdez and L. S{\'a}nchez and S. Garc{\'i}a and M.J. Jes{\'u}s and S. Ventura and C. Romero and J. Bacardit and V.M. Rivas and J.C. Fern{\'a}ndez and J.M. Garrell and J. Otero and F. Herrera",
	journal = "Soft Computing",
	pages = "301--318",
	volume = "13",
	year = "2009"
}

@InProceedings{ Jankowski2001,
	author = "N. Jankowski and W. Duch",
	title = "Optimal transfer function neural networks",
	booktitle = "Proceedings of the 9th European Symposium on Artificial Neural Networks",
	year = "2001",
	address = "Bruges, Belgium",
	month = "April"
}

@Article{ Langrebe2008,
	author = "T.C.W. Langrebe and R.P.W. Duin",
	title = "Efficient multiclass ROC approximation by decomposition via confusion matrix perturbation analysis",
	journal = "IEEE Transactions on Pattern Analysis and Machine Intelligence",
	year = "2008",
	volume = "30",
	pages = "810--822",
	number = "5"
}

@InProceedings{ Lachiche2003,
	title = "Improving accuracy and cost of two-class and multi-class probabilistic classifiers using ROC curves",
	booktitle = "Proceedings of the 20th International Conference on Machine Learning , ICML'03",
	author = "N. Lachiche and P.A. Flach",
	address = "Washington, USA",
	pages = "416--423",
	month = "August",
	year = "2003"
}

@Article{ Lehtokangas1998,
	author = "M. Lehtokangas and J. Saarinen",
	title = "Centroid based Multilayer Perceptron Networks",
	journal = "Neural Processing Letters",
	year = "1998",
	volume = "7",
	pages = "101--106"
}

@Article{ Moller1993,
	author = "M.F. Moller",
	title = "A Scaled Conjugate Gradient Algorithm for Fast Supervised Learning",
	journal = "Neural Networks",
	year = "1993",
	volume = "6",
	pages = "525--533",
	number = "4"
}

@Article{ Mossman1999,
	author = "D. Mossman",
	title = "Three-way ROCs",
	journal = "Medical Decision Making",
	year = "1999",
	volume = "19",
	pages = "78--89",
	number = "1"
}

@Article{ Baldi2000,
	title = "Assessing the accuracy of prediction algorithms for classification: An Overview",
	author = "P. Baldi and S. Brunak and Y. Chauvin",
	journal = "Bioinformatics Review",
	pages = "412--424",
	volume = "16",
	number = "5",
	year = "2000"
}

@Article{ Matthew1975,
	title = "Comparison to predicted and observed secondary structure of T4 phage lysozyme",
	author = "B.W. Matthews",
	journal = "Biochim Biophys Acta",
	pages = "442--451",
	volume = "405",
	number = "2",
	year = "1975"
}

@InProceedings{ Gutierrez2007,
	title = "Combined proyection and kernel basis functions for classification in evolutionary neural networks",
	booktitle = "Proceedings of the XII Conference of the Spanish Association for Artificial Intelligence (CAEPIA-TTIA 2007), II International Workshop on Hybrid Artificial Intelligence Systems, HAIS 2007, in Innovations in Hybrid Intelligent Systems, Advances in Soft Computing",
	author = "P.A. Gutierrez and C. Herv{\'a}s and M. Carbonero and J.C. Fern{\'a}ndez",
	address = "Salamanca, Spain",
	pages = "88--95",
	volume = "44",
	year = "2007",
	month = "November"
}

@Article{ Gutierrez2009,
	author = "P.A. Guti{\'e}rrez and C. Herv{\'a}s and M. Carbonero and J.C. Fern{\'a}ndez",
	title = "Combined Projection and Kernel Basis Functions for Classification in Evolutionary Neural Networks",
	journal = "Neurocomputing",
	year = "2009",
	volume = "72",
	pages = "2731--2742"
}

@Article{ Paliwal2009,
	author = "M. Paliwal and U.A. Kumar",
	title = "Neural networks and statistical techniques: A review of applications",
	journal = "Expert Systems with Applications",
	year = "2009",
	volume = "36",
	pages = "2--17"
}

@InProceedings{ Gutierrez2007a,
	author = "P.A. Gutierrez and J.C. Fern{\'a}ndez and C. Herv{\'a}s",
	title = "Algoritmos de aprendizaje evolutivo y estad{\'i}stico para la determinaci{\'o}n de mapas de malas hierbas utilizando t{\'e}cnicas de teledetecci{\'o}n",
	booktitle = "Actas del II congreso espa{\~n}ol de inform{\'a}tica, CEDI 2007, en el taller I jornadas sobre algoritmos evolutivos y metaheur{\'i}sticas, JAEM 07",
	year = "2007",
	editor = "F. Chicano F. Herrera F. Luna G. Luque {E. Alba} and A.J. Nebro",
	pages = "65--72",
	address = "Zaragoza, Espa{\~n}a",
	month = "Septiembre"
}

@Article{ Valero2007b,
	author = "A. Valero and C. Herv{\'a}s and R.M. Garc{\'i}a-Gimeno and G. Zurera",
	title = "Product unit neural networks models for predicting the growth limits of Listeria monocytogenes",
	journal = "Food Microbiology",
	year = "2007",
	volume = "24",
	pages = "452--464"
}

@Article{ Salter2000,
	author = "M.A. Salter and D.A. Ratkowsky and T. Ross and T.A. McMeekin",
	title = "Modelling the combined temperature and salt (NaCl) limits for growth of a pathogenic Escherichia coli strain using nonlinear logistic regression",
	journal = "International Journal of Food Microbiology",
	year = "2000",
	volume = "61",
	pages = "159--167"
}

@InProceedings{ Gutierrez2009c,
	author = "P.A. Guti{\'e}rrez and C. Herv{\'a}s and J.C. Fern{\'a}ndez and J.M. Pe{\~n}a-Barragan and F. L{\'o}pez-Granados {M. Jurado-Esposito}",
	title = "Hibridaci{\'o}n de algoritmos de aprendizaje para modelos neurolog{\'i}sticos aplicados a la clasificaci{\'o}n de cubiertas vegetales",
	booktitle = "Actas de VI Congreso espa{\~n}ol sobre metaheur{\'i}sticas, algoritmos evolutivos y bioinspirados",
	year = "2009",
	editor = "F. Chicano F. Luna {E. Alba} and G. Luque",
	pages = "325--332",
	address = "M{\'a}laga, Espa{\~n}a",
	month = "Febrero"
}

@Article{ Pao1992,
	author = "Y.H. Pao and Y. Takefuji",
	title = "Functional-link net computing: theory, system architecture, and functionalities",
	journal = "IEEE Computer",
	year = "1992",
	volume = "25",
	pages = "76--79",
	number = "5"
}

@InProceedings{ Provost1998,
	author = "F. Provost and T. Fawcett",
	title = "Robust classification system for imprecise environments",
	booktitle = "Proccedings of the Fithteenth National Conference on Artificial Intelligence",
	year = "1998",
	pages = "706--713",
	address = "Chicago, USA",
	month = "July"
}

@InProceedings{ Provost1997,
	author = "F. Provost and T. Fawcett",
	title = "Analysis and visualization of the classifier performance: comparison under imprecise class and cost distribution",
	booktitle = "Proceedings of the Third International Conference on Knowledge Discovery (KDD97) and Data Mining",
	year = "1997",
	pages = "43--48",
	address = "California, USA",
	month = "August"
}

@Book{ Duda2000,
	author = "R.O. Duda and P.E. Hart and D.G. Stork",
	title = "Pattern Classification, 2nd Edition",
	publisher = "Wiley Interscience",
	year = "2000"
}

@Book{ Bishop2006,
	author = "C.M. Bishop",
	title = "Pattern Recognition and Machine Learning",
	publisher = "Springer",
	year = "2006"
}

@Article{ Smith2007,
	author = "J.E. Smith",
	title = "Coevolving Memetic Algorithms: A Review and Progress Report",
	journal = "IEEE Transactions on Systems, Man, and Cybernetics, Part B",
	year = "2007",
	volume = "37",
	pages = "6--17",
	number = "1"
}

@Collection{ Cotta2001,
	author = "C. Cotta and P. Moscato",
	title = "A Gentle Introduction To Memetic Algorithms, Handbook On Metaheuristics",
	publisher = "Kluwer Academics",
	year = "2001"
}

@Article{ Sokolova2009,
	author = "M. Sokolova and G. Lapalme",
	title = "A systematic analysis of performance measures for classification tasks",
	journal = "Information Processing and Management",
	year = "2009",
	volume = "45",
	pages = "427--437"
}

@InProceedings{ Duch2001a,
	author = "W. Duch and R. Adamczak and G.H.F. Diercksen",
	title = "Constructive density estimation network based on several different separable transfer functions",
	booktitle = "Proceedings of the 9th European Symposium on Artificial Neural Networks",
	year = "2001",
	address = "Bruges, Belgium",
	month = apr
}

@InProceedings{ Jin2005,
	author = "Y. Jin and B. Sendhoff and E. Korner",
	title = "Evolutionary Multi-Objective Optimization for Simultaneous Generation of Signal-Type and Simbol-Type Representations",
	booktitle = "Proceedings of the International Conference on Evolutionary Multi-Criterium Optimization, EMO, in Lecture Notes in Computer Science",
	year = "2005",
	volume = "3410",
	pages = "752--766",
	address = "Guanajuato, Mexico",
	month = "March"
}

@Article{ Murphey2004,
	author = "Y.L. Murphey and H. Guo and L.A. Feldkamp",
	title = "Neural Learning From Unbalanced Data",
	journal = "Applied Intelligence",
	year = "2004",
	volume = "21",
	pages = "117--128",
	number = "2"
}

@Article{ Chawla2002,
	title = "Smote: Synthetic minority over-sampling technique",
	author = "N.V. Chawla and K {W. Bowyer} and L.O. Hall and W.P. Kegelmeyer",
	journal = "Journal of Artificial Intelligence Research",
	pages = "321--357",
	volume = "16",
	year = "2002"
}

@Article{ Friedman1940,
	author = "M. Friedman",
	title = "A comparison of alternative tests of significance for the problem of m rankings",
	journal = "Annals of Mathematical Statistics",
	year = "1940",
	volume = "11",
	pages = "86--92",
	number = "1"
}

@Book{ Zar1996,
	title = "Biostatistical Analysis",
	author = "J.H. Zar",
	publisher = "Prentice Hall",
	year = "1996"
}

@Article{ Jankowski2001b,
	title = "Supervised versus unsupervised binary-learning by feedforward neural networks",
	author = "N. Jankowski",
	journal = "Machine Learning",
	volume = "42",
	number = "1-2",
	year = "2001"
}

@InProceedings{ Fernandez2009,
	author = "J.C. Fern{\'a}ndez and C. Herv{\'a}s and F.J. Mart{\'i}nez and P.A. Guti{\'e}rrez and M. Cruz",
	title = "Memetic Pareto Differential Evolution for Designing Artificial Neural Networks in Multiclassification Problems Using Cross-Entropy Versus Sensitivity",
	booktitle = "Proceedings of the 4th International Conference, HAIS 2009, in Lecture Notes in Artificial Intelligence",
	year = "2009",
	volume = "5572",
	pages = "433--441",
	address = "Salamanca, Spain",
	month = "June"
}

@InProceedings{ Fernandez-Navarro2009,
	author = "F. Fern{\'a}ndez-Navarro and P.A. Guti{\'e}rrez and C. Herv{\'a}s-Mart{\'i}nez and J.C. Fern{\'a}ndez",
	title = "A Sensitivity Clustering Method for Hybrid Evolutionary Algorithms",
	booktitle = "Proceedings of the Third International Work-Conference on the Interplay between Natural and Artificial Computation, IWINAC2009, in Lecture Notes in Computer Science, Part 1",
	year = "2009",
	volume = "5601",
	pages = "245--254",
	address = "Santiago de Compostela, Spain",
	organization = "June",
	publisher = "Springer"
}

@Article{ Fernandez2010,
	author = "J.C. Fern{\'a}ndez and F.J. Mart{\'i}nez and C. Herv{\'a}s and P.A. Guti{\'e}rrez",
	title = "Sensitivity versus Accuracy in Multi-class Problems using Memetic Pareto Evolutionary Neural Networks",
	journal = "IEEE Transactions on Neural Networks",
	pages = "750--770",
	year = "2010",
	volume = "21",
	number = "5"
}

@InProceedings{ Fernandez2009a,
	author = "J. C. Fern{\'a}ndez and C. Herv{\'a}s and F. J. Mart{\'i}nez and M. Cruz",
	title = "Design of Artificial Neural Networks using a Memetic Pareto Evolutionary Algorithm using as objectives Entropy versus Variation Coefficient",
	booktitle = "Proceedings of the Ninth International Conference on Intelligent Systems Design and Applications, ISDA 2009",
	year = "2009",
	pages = "408--413",
	address = "Pisa, Italy",
	month = "December"
}

@Book{ Levene1960,
	author = "H. Levene",
	title = "In Contributions to Probability and Statistics",
	publisher = "Stanford University Press ",
	year = "1960"
}

@Article{ Igel2003,
	author = {C. Igel and M. H{\"u}sken},
	title = "Empirical evaluation of the improved Rprop learning algorithms",
	journal = "Neurocomputing",
	year = "2003",
	volume = "50",
	pages = "105--123",
	number = "6"
}

@Book{ Tamhane2000,
	author = "A.C. Tamhane and D.D. Dunlop",
	title = "Statistics and Data Analysis",
	publisher = "Prentice Hall",
	year = "2000"
}

@Book{ Miller1996,
	author = "R.G. Miller",
	title = "Beyond ANOVA, Basics of Applied Statistics",
	publisher = "Chapman \& Hall",
	year = "1996"
}

@InProceedings{ Martinez-Estudillo2008,
	author = "F.J. Mart{\'i}nez-Estudillo and P.A. Guti{\'e}rrez and C. Herv{\'a}s and J.C. Fern{\'a}ndez",
	title = "Evolutionary Learning by a Sensitivity-Accuracy Approach for Multi-class Problems",
	booktitle = "Proceedings of the IEEE World Congress on Computational Intelligence, CEC 08",
	year = "2008",
	pages = "1581--1588",
	address = "Hong Kong, China",
	month = "June"
}

@InProceedings{ Kubat97,
	title = "Addressing the curse of imbalanced training sets: One-sided selection ",
	booktitle = "Proceedings of the 14th International Conference on Machine Learning, (ICLM 1997)",
	author = "M. Kubat and S. Matwin",
	address = "Nashville, USA",
	pages = "179--186",
	month = "July",
	year = "1997"
}

@Article{ Sun2009,
	title = "Classification of imbalanced data: A review",
	author = "Y. Sun and A.K. Wong and M.S. Kamel",
	journal = "International Journal of Pattern Recognition and Artificial Intelligence",
	pages = "687--719",
	volume = "23",
	number = "4",
	year = "2009"
}

@Book{ Blum2008,
	title = "Hybrid Metaheuristics",
	author = "C. Blum and M. J. Aguilera and A. Roli and M. Sampels",
	publisher = "Springer",
	year = "2008"
}

@Article{ ACMartinez2006,
	title = "Hybridization of Evolutionary Algorithms and Local Search by Means of a Clustering Method ",
	author = "A. C. Mart{\'i}nez-Estudillo and C. Herv{\'a}s-Mart{\'i}nez and F. J. Mat{\'i}nez-Estudillo and N. Garc{\'i}a-Pedrajas",
	journal = "IEEE Transaction on Systems, Man and Cybernetics, Part. B: Cybernetics",
	pages = "534--545",
	volume = "36",
	number = "3",
	year = "2006"
}

@Book{ Goh2009,
	title = "Multi-Objective Memetic Algorithms",
	author = "C. K. Goh and Y. S. Ong and K. C. Tan",
	publisher = "Springer",
	year = "2009"
}

@Book{ Jin2006c,
	title = "Multi-objective Machine Learning, Studies in Computational Intelligence 16",
	author = "Y. Jin",
	publisher = "Springer",
	year = "2006"
}

@InProceedings{ Zitzler2001,
	author = "E. Zitzler and M. Laumanns and L. Thiele",
	title = "SPEA2: Improving the strenght Pareto evolutionary algorithm",
	institution = "Computer Engineering and Networks Laboratory (TIK), Swiss Federal Institute of Technology (ETH)",
	year = "2001",
	type = "Technical Report 103",
	booktitle = "Proceedings of the International Conference on Evolutionary Methods for Design, Optimisation and Control with Application to Industrial Problems, (EUROGEN 2001)",
	address = "Athens, Greece",
	pages = "95--100",
	month = "September"
}

@Book{ Grosan2007,
	title = "Hybrid Evolutionary Algorithms",
	author = "C. Grosan and A. Abraham and H. Ishibuchi",
	publisher = "Springer",
	year = "2007"
}

@InProceedings{ Gutierrez2009e,
	title = "Algoritmos de aprendizaje evolutivo y estad{\'i}stico para la determinaci{\'o}n de mapas de malas hierbas utilizando t{\'e}cnicas de teledetecci{\'o}n",
	booktitle = "Actas del VI Congreso espa{\~n}ol sobre metaheur{\'i}sticas, algoritmos evolutivos y bioinspirados, MAEB 2009",
	author = "P.A. Guti{\'e}rrez and J.C. Fern{\'a}ndez and C. Herv{\'a}s",
	month = "Febrero",
	year = "2009"
}

@Article{ Jclec2008,
	title = "JCLEC: A Java framework for Evolutionary Computation.",
	author = "S. Ventura and C. Romero and A. Zafra and J. A. Delgado",
	journal = "Soft Computing A Fusion of Foundations, Methodologies and Applications",
	pages = "381--392",
	volume = "12",
	year = "2008"
}

@Article{ Pierro2007,
	title = "An Investigation on Preference Order Ranking Scheme for Multiobjective Evolutionary Optimization ",
	author = "F. di Pierro and S-T. Khu and D. A. Savic",
	journal = "IEEE TRANSACTIONS ON EVOLUTIONARY COMPUTATION ",
	pages = "17--45",
	volume = "11",
	number = "1",
	year = "2007"
}

@Article{ Rokach2010,
	title = "Ensemble-based classifiers",
	author = "L. Rokach",
	journal = "Artificial Intelligence Review",
	pages = "1--39",
	volume = "33",
	number = "1",
	year = "2010"
}

@PhDThesis{ JCfernandez2010,
	title = "Algoritmos de aprendizaje bioinspirados multi-objetivo para el dise{\~n}o de modelos de redes neuronales artificiales en clasificaci{\'o}n. MOEA mem{\'e}tico utilizando evoluci{\'o}n diferencial, cap{\'i}tulo 6",
	author = "J.C. Fern{\'a}ndez",
	school = "E.T.S Ingenier{\'i}a Inform{\'a}tica y Telecomunicaciones, Universidad de Granada, Espa{\~n}a",
	month = "Septiembre",
	year = "2010"
}

